@unpublished {KConrad,
    AUTHOR = {Conrad, Keith},
     TITLE = {Splitting of short exact sequences for groups},
      NOTE = {Unpublished notes},
     PAGES = {10},
       URL = {http://www.math.uconn.edu/~kconrad/blurbs/grouptheory/splittinggp.pdf},
}
@unpublished {IShimada,
     AUTHOR = {Ishiro Chimada},
      TITLE = {Lectures on Zariski van Kampen theorem},
       NOTE = {Lecture notes},
       YEAR = {2007},
      PAGES = {34},
        URL = {http://www.math.sci.hiroshima-u.ac.jp/~shimada/LectureNotes/LNZV.pdf},
}
@article {MR1503330,
    AUTHOR = {Zariski, Oscar},
     TITLE = {A theorem on the {P}oincar\'e group of an algebraic
              hypersurface},
   JOURNAL = {Ann. of Math. (2)},
  FJOURNAL = {Annals of Mathematics. Second Series},
    VOLUME = {38},
      YEAR = {1937},
    NUMBER = {1},
     PAGES = {131--141},
      ISSN = {0003-486X},
     CODEN = {ANMAAH},
   MRCLASS = {Contributed Item},
  MRNUMBER = {1503330},
       DOI = {10.2307/1968515},
       URL = {http://dx.doi.org/10.2307/1968515},
}
@article {MR1507185,
    AUTHOR = {Zariski, Oscar},
     TITLE = {On the {P}oincar\'e {G}roup of {R}ational {P}lane {C}urves},
   JOURNAL = {Amer. J. Math.},
  FJOURNAL = {American Journal of Mathematics},
    VOLUME = {58},
      YEAR = {1936},
    NUMBER = {3},
     PAGES = {607--619},
      ISSN = {0002-9327},
     CODEN = {AJMAAN},
   MRCLASS = {Contributed Item},
  MRNUMBER = {1507185},
       DOI = {10.2307/2370979},
       URL = {http://dx.doi.org/10.2307/2370979},
}
@article {MR1506962,
    AUTHOR = {Kampen, Egbert R. Van},
     TITLE = {On the {F}undamental {G}roup of an {A}lgebraic {C}urve},
   JOURNAL = {Amer. J. Math.},
  FJOURNAL = {American Journal of Mathematics},
    VOLUME = {55},
      YEAR = {1933},
    NUMBER = {1-4},
     PAGES = {255--260},
      ISSN = {0002-9327},
   MRCLASS = {Contributed Item},
  MRNUMBER = {1506962},
       DOI = {10.2307/2371128},
       URL = {http://dx.doi.org/10.2307/2371128},
}
@article {MR1220582,
    AUTHOR = {Kulikov, Vik. S.},
     TITLE = {Alexander polynomials of plane algebraic curve},
   JOURNAL = {Izv. Ross. Akad. Nauk Ser. Mat.},
  FJOURNAL = {Rossi\u\i skaya Akademiya Nauk. Izvestiya. Seriya
              Matematicheskaya},
    VOLUME = {57},
      YEAR = {1993},
    NUMBER = {1},
     PAGES = {76--101},
      ISSN = {0373-2436},
   MRCLASS = {14E20 (14E22 20F34 57M05)},
  MRNUMBER = {1220582 (95a:14017)},
       DOI = {10.1070/IM1994v042n01ABEH001534},
       URL = {http://dx.doi.org/10.1070/IM1994v042n01ABEH001534},
}
@article {MR0409477,
    AUTHOR = {Oka, Mutsuo},
     TITLE = {The monodromy of a curve with ordinary double points},
   JOURNAL = {Invent. Math.},
  FJOURNAL = {Inventiones Mathematicae},
    VOLUME = {27},
      YEAR = {1974},
     PAGES = {157--164},
      ISSN = {0020-9910},
   MRCLASS = {14H30},
  MRNUMBER = {0409477 (53 \#13232)},
MRREVIEWER = {Le Dung Trang},
}
@incollection {MR2145956,
    AUTHOR = {Oka, Mutsuo},
     TITLE = {A survey on {A}lexander polynomials of plane curves},
 BOOKTITLE = {Singularit\'es {F}ranco-{J}aponaises},
    SERIES = {S\'emin. Congr.},
    VOLUME = {10},
     PAGES = {209--232},
 PUBLISHER = {Soc. Math. France, Paris},
      YEAR = {2005},
   MRCLASS = {14H30 (14H45 32S55)},
  MRNUMBER = {2145956 (2006m:14038)},
}
@book {MR0239612,
    AUTHOR = {Milnor, John},
     TITLE = {Singular points of complex hypersurfaces},
    SERIES = {Annals of Mathematics Studies, No. 61},
 PUBLISHER = {Princeton University Press, Princeton, N.J.; University of
              Tokyo Press, Tokyo},
      YEAR = {1968},
     PAGES = {iii+122},
   MRCLASS = {57.20 (14.00)},
  MRNUMBER = {0239612 (39 \#969)},
MRREVIEWER = {J. P. Levine},
}
@book {MR445489,
    AUTHOR = {Crowell, Richard H. and Fox, Ralph H.},
     TITLE = {Introduction to knot theory},
      NOTE = {Reprint of the 1963 original,
              Graduate Texts in Mathematics, No. 57},
 PUBLISHER = {Springer-Verlag, New York-Heidelberg},
      YEAR = {1977},
     PAGES = {x+182},
   MRCLASS = {55A25},
  MRNUMBER = {0445489 (56 \#3829)},
}
@book {MR666554,
    AUTHOR = {Spanier, Edwin H.},
     TITLE = {Algebraic topology},
      NOTE = {Corrected reprint},
 PUBLISHER = {Springer-Verlag, New York-Berlin},
      YEAR = {1981},
     PAGES = {xvi+528},
      ISBN = {0-387-90646-0},
   MRCLASS = {55-02},
  MRNUMBER = {666554 (83i:55001)},
}
@book {MR1867354,
    AUTHOR = {Hatcher, Allen},
     TITLE = {Algebraic topology},
 PUBLISHER = {Cambridge University Press, Cambridge},
      YEAR = {2002},
     PAGES = {xii+544},
      ISBN = {0-521-79160-X; 0-521-79540-0},
   MRCLASS = {55-01 (55-00)},
  MRNUMBER = {1867354 (2002k:55001)},
MRREVIEWER = {Donald W. Kahn},
}
@book {MR1343250,
    AUTHOR = {Fulton, William},
     TITLE = {Algebraic topology},
    SERIES = {Graduate Texts in Mathematics},
    VOLUME = {153},
      NOTE = {A first course},
 PUBLISHER = {Springer-Verlag, New York},
      YEAR = {1995},
     PAGES = {xviii+430},
      ISBN = {0-387-94326-9; 0-387-94327-7},
   MRCLASS = {55-01 (30-01 57-01)},
  MRNUMBER = {1343250 (97b:55001)},
MRREVIEWER = {Ross Geoghegan},
       DOI = {10.1007/978-1-4612-4180-5},
       URL = {http://dx.doi.org/10.1007/978-1-4612-4180-5},
}
@book {MR2109550,
    AUTHOR = {Magnus, Wilhelm and Karrass, Abraham and Solitar, Donald},
     TITLE = {Combinatorial group theory},
   EDITION = {second},
      NOTE = {Presentations of groups in terms of generators and relations},
 PUBLISHER = {Dover Publications, Inc., Mineola, NY},
      YEAR = {2004},
     PAGES = {xii+444},
      ISBN = {0-486-43830-9},
   MRCLASS = {20E05 (05A15 20E06 20F12)},
  MRNUMBER = {2109550 (2005h:20052)},
}
@book {MR957919,
    AUTHOR = {Rotman, Joseph J.},
     TITLE = {An introduction to algebraic topology},
    SERIES = {Graduate Texts in Mathematics},
    VOLUME = {119},
 PUBLISHER = {Springer-Verlag, New York},
      YEAR = {1988},
     PAGES = {xiv+433},
      ISBN = {0-387-96678-1},
   MRCLASS = {55-01},
  MRNUMBER = {957919 (90e:55001)},
MRREVIEWER = {P. J. Kahn},
       DOI = {10.1007/978-1-4612-4576-6},
       URL = {http://dx.doi.org/10.1007/978-1-4612-4576-6},
}
@article {MR565480,
    AUTHOR = {Tverberg, Helge},
     TITLE = {A proof of the {J}ordan curve theorem},
   JOURNAL = {Bull. London Math. Soc.},
  FJOURNAL = {The Bulletin of the London Mathematical Society},
    VOLUME = {12},
      YEAR = {1980},
    NUMBER = {1},
     PAGES = {34--38},
      ISSN = {0024-6093},
     CODEN = {LMSBBT},
   MRCLASS = {30C99 (30-01 54F50 57-01)},
  MRNUMBER = {565480 (81c:30045)},
MRREVIEWER = {P. Lappan},
       DOI = {10.1112/blms/12.1.34},
       URL = {http://dx.doi.org/10.1112/blms/12.1.34},
}
@article {MR1144352,
    AUTHOR = {Thomassen, Carsten},
     TITLE = {The {J}ordan-{S}ch\"onflies theorem and the classification of
              surfaces},
   JOURNAL = {Amer. Math. Monthly},
  FJOURNAL = {The American Mathematical Monthly},
    VOLUME = {99},
      YEAR = {1992},
    NUMBER = {2},
     PAGES = {116--130},
      ISSN = {0002-9890},
     CODEN = {AMMYAE},
   MRCLASS = {57M99 (05C10 57N05 57Q15)},
  MRNUMBER = {1144352 (92k:57026)},
MRREVIEWER = {Andrew Vince},
       DOI = {10.2307/2324180},
       URL = {http://dx.doi.org/10.2307/2324180},
}
@book {MR448331,
    AUTHOR = {Massey, William S.},
     TITLE = {Algebraic topology: an introduction},
      NOTE = {Reprint of the 1967 edition,
              Graduate Texts in Mathematics, Vol. 56},
 PUBLISHER = {Springer-Verlag, New York-Heidelberg},
      YEAR = {1977},
     PAGES = {xxi+261},
     ISBN  = {0-387-90271-6},
   MRCLASS = {55-01},
  MRNUMBER = {0448331 (56 \#6638)},
}
@article {MR988059,
    AUTHOR = {Fujita, Takao},
     TITLE = {Ample vector bundles of small {$c_1$}-sectional genera},
   JOURNAL = {J. Math. Kyoto Univ.},
  FJOURNAL = {Journal of Mathematics of Kyoto University},
    VOLUME = {29},
      YEAR = {1989},
    NUMBER = {1},
     PAGES = {1--16},
      ISSN = {0023-608X},
     CODEN = {JMKYAZ},
   MRCLASS = {14F05},
  MRNUMBER = {988059 (90e:14017)},
MRREVIEWER = {A. Hirschowitz},
}
@book {MR1836037,
    AUTHOR = {Fischer, Gerd},
     TITLE = {Plane algebraic curves},
    SERIES = {Student Mathematical Library},
    VOLUME = {15},
      NOTE = {Translated from the 1994 German original by Leslie Kay},
 PUBLISHER = {American Mathematical Society, Providence, RI},
      YEAR = {2001},
     PAGES = {xvi+229},
      ISBN = {0-8218-2122-9},
   MRCLASS = {14H50 (14-01 14N05 32B10 51N35)},
  MRNUMBER = {1836037 (2002g:14042)},
MRREVIEWER = {Gary P. Kennedy},
       DOI = {10.1090/stml/015},
       URL = {http://dx.doi.org/10.1090/stml/015},
}
@book {MR2156630,
    AUTHOR = {Kunz, Ernst},
     TITLE = {Introduction to plane algebraic curves},
      NOTE = {Translated from the 1991 German edition by Richard G.
              Belshoff},
 PUBLISHER = {Birkh\"auser Boston, Inc., Boston, MA},
      YEAR = {2005},
     PAGES = {xiv+293},
      ISBN = {978-0-8176-4381-2; 0-8176-4381-8},
   MRCLASS = {14-01 (14H50)},
  MRNUMBER = {2156630 (2006b:14001)},
}
@book {MR1159092,
    AUTHOR = {Kirwan, Frances},
     TITLE = {Complex algebraic curves},
    SERIES = {London Mathematical Society Student Texts},
    VOLUME = {23},
 PUBLISHER = {Cambridge University Press, Cambridge},
      YEAR = {1992},
     PAGES = {viii+264},
      ISBN = {0-521-41251-X; 0-521-42353-8},
   MRCLASS = {14Hxx (14-01)},
  MRNUMBER = {1159092 (93j:14025)},
MRREVIEWER = {S. Zdravkovska},
       DOI = {10.1017/CBO9780511623929},
       URL = {http://dx.doi.org/10.1017/CBO9780511623929},
}
@article {MR239613,
    AUTHOR = {Thom, R.},
     TITLE = {Ensembles et morphismes stratifi\'es},
   JOURNAL = {Bull. Amer. Math. Soc.},
  FJOURNAL = {Bulletin of the American Mathematical Society},
    VOLUME = {75},
      YEAR = {1969},
     PAGES = {240--284},
      ISSN = {0002-9904},
   MRCLASS = {57.20 (55.00)},
  MRNUMBER = {0239613 (39 \#970)},
MRREVIEWER = {S. S. Cairns},
}
@book {MR1194180,
    AUTHOR = {Dimca, Alexandru},
     TITLE = {Singularities and topology of hypersurfaces},
    SERIES = {Universitext},
 PUBLISHER = {Springer-Verlag, New York},
      YEAR = {1992},
     PAGES = {xvi+263},
      ISBN = {0-387-97709-0},
   MRCLASS = {32Sxx (14J70 32S25 32S50 57M25 57R45 58C27)},
  MRNUMBER = {1194180 (94b:32058)},
MRREVIEWER = {Aleksandr G. Aleksandrov},
       DOI = {10.1007/978-1-4612-4404-2},
       URL = {http://dx.doi.org/10.1007/978-1-4612-4404-2},
}
@article {MR2674857,
    AUTHOR = {Gonz{\'a}lez-Acu{\~n}a, F. and Gordon, C. McA. and Simon, J.},
     TITLE = {Unsolvable problems about higher-dimensional knots and related
              groups},
   JOURNAL = {Enseign. Math. (2)},
  FJOURNAL = {L'Enseignement Math\'ematique. Revue Internationale. 2e
              S\'erie},
    VOLUME = {56},
      YEAR = {2010},
    NUMBER = {1-2},
     PAGES = {143--171},
      ISSN = {0013-8584},
     CODEN = {ENMAAR},
   MRCLASS = {57Q45 (20F10)},
  MRNUMBER = {2674857 (2011g:57027)},
MRREVIEWER = {Riccardo Piergallini},
       DOI = {10.4171/LEM/56-1-5},
       URL = {http://dx.doi.org/10.4171/LEM/56-1-5},
}
@book {MR2975988,
    AUTHOR = {Brieskorn, Egbert and Kn\"orrer, Horst},
     TITLE = {Plane algebraic curves},
    SERIES = {Modern Birkh\"auser Classics},
      NOTE = {Translated from the German original by John Stillwell,
              [2012] reprint of the 1986 edition},
 PUBLISHER = {Birkh\"auser/Springer Basel AG, Basel},
      YEAR = {1986},
     PAGES = {x+721},
      ISBN = {978-3-0348-0492-9},
   MRCLASS = {14-01 (14H20 14Hxx)},
  MRNUMBER = {2975988},
       DOI = {10.1007/978-3-0348-5097-1},
       URL = {http://dx.doi.org/10.1007/978-3-0348-5097-1},
}

@incollection {MR0123298,
    AUTHOR = {Fox, Ralph H.},
     TITLE = {Covering spaces with singularities},
 BOOKTITLE = {A symposium in honor of {S}. {L}efschetz},
     PAGES = {243--257},
 PUBLISHER = {Princeton University Press, Princeton, N.J.},
      YEAR = {1957},
   MRCLASS = {55.99 (54.00)},
  MRNUMBER = {0123298 (23 \#A626)},
MRREVIEWER = {B. Eckmann},
}
